@misc{jordan2004introduction,
  title={An introduction to graphical models},
  author={Jordan, Michael I and Bishop, Chris}
}