@misc{jordan2004introduction,
  title={An introduction to graphical models},
  author={Michael Jordan and Chris Bishop},
  type = {Paper},
  year = {1997},
  month = {December},
  institution = {University of Pennsylvania}
}

@article{bib1,
  title={Predicting criminal recidivism using neural networks},
  author={Susan Palocsay and Ping Wang and Robert Brookshire},
  journal = {Socio-Economic Planning Sciences},
  year = {2000},
  month = {Decemeber},
  volume = {34},
  number = {4},
  pages = {271-284}
}


@article{bib2,
  title={Survival analysis: A survey},
  author={Ching-Fan Chung and Peter Schmidt and Ann Witte},
  journal = {Journal of Quantitative Criminology},
  year = {2003},
  month = {March},
  volume = {7},
  number = {1},
  pages = {59-98}
}

@book{bib3,
  title={Predicting Recidivism Using Survival Models},
  author={Peter Schmidt and Ann Witte},
  year = {1988},
  publisher = {Springer-Verlag, New York}
}

@article{schmidt1989predicting,
  title={Predicting criminal recidivism using ‘split population’survival time models},
  author={Schmidt, Peter and Witte, Ann Dryden},
  journal={Journal of Econometrics},
  volume={40},
  number={1},
  pages={141--159},
  year={1989},
  publisher={Elsevier}
}

@book{bib4,
  title={Machine Learning, A Probabilist Perspective},
  author={Kevin Murphy},
  year = {2012},
  month = {August},
  publisher = {MIT Press}
}

@inproceedings { lecun-98b,
author = 	"LeCun, Y. and Bottou, L. and Orr, G. and Muller, K.",
title = 	"Efficient BackProp",
booktitle =	"Neural Networks: Tricks of the trade",
editor =        "Orr, G. and Muller K.",
publisher =     "Springer",
year =		1998
}

@article{bengio2007scaling,
  title={Scaling learning algorithms towards AI},
  author={Bengio, Yoshua and LeCun, Yann and others}
}

@article{tillyer2011social,
  title={Social ecology, individual risk, and recidivism: A multilevel examination of main and moderating influences},
  author={Tillyer, Marie Skubak and Vose, Brenda},
  journal={Journal of Criminal Justice},
  volume={39},
  number={5},
  pages={452--459},
  year={2011},
  publisher={Elsevier}
}